<record><leader>00000cas a2200000 a 4500</leader><controlfield tag="001">44505161</controlfield><controlfield tag="008">000629d19501954cauwr ne      0    0eng c</controlfield><datafield ind1=" " ind2=" " tag="010"><subfield code="a">sn 00060408 </subfield></datafield><datafield ind1=" " ind2=" " tag="040"><subfield code="a">CNK</subfield><subfield code="b">eng</subfield><subfield code="c">CNK</subfield><subfield code="d">OCLCQ</subfield><subfield code="d">OCLCF</subfield><subfield code="d">OCLCO</subfield></datafield><datafield ind1="1" ind2=" " tag="029"><subfield code="a">AU@</subfield><subfield code="b">000021636560</subfield></datafield><datafield ind1=" " ind2=" " tag="042"><subfield code="a">pcc</subfield></datafield><datafield ind1=" " ind2=" " tag="043"><subfield code="a">n-us-ca</subfield></datafield><datafield ind1="0" ind2=" " tag="130"><subfield code="a">Leader (Downey, Calif.)</subfield></datafield><datafield ind1="1" ind2="4" tag="245"><subfield code="a">The leader.</subfield></datafield><datafield ind1="1" ind2="7" tag="246"><subfield code="a">Downey leader</subfield></datafield><datafield ind1=" " ind2=" " tag="260"><subfield code="a">Downey, Los Angeles County, Calif. :</subfield><subfield code="b">K.C. Weiss and F.E. Weiss</subfield></datafield><datafield ind1=" " ind2=" " tag="300"><subfield code="a">v.</subfield></datafield><datafield ind1=" " ind2=" " tag="310"><subfield code="a">Weekly</subfield></datafield><datafield ind1="0" ind2=" " tag="362"><subfield code="a">Vol. 1, no. 1-18 (July 18, 1950)-v. 4, no. 48 (July 26, 1954).</subfield></datafield><datafield ind1=" " ind2=" " tag="515"><subfield code="a">First 11 issues bear combined numbering, i.e. 1-18 to 11-28.</subfield></datafield><datafield ind1=" " ind2="0" tag="651"><subfield code="a">Downey (Calif.)</subfield><subfield code="v">Newspapers.</subfield></datafield><datafield ind1=" " ind2="7" tag="655"><subfield code="a">Newspapers.</subfield><subfield code="2">fast</subfield><subfield code="0">(OCoLC)fst01423814</subfield></datafield><datafield ind1=" " ind2="7" tag="651"><subfield code="a">California</subfield><subfield code="z">Downey.</subfield><subfield code="2">fast</subfield><subfield code="0">(OCoLC)fst01208942</subfield></datafield><datafield ind1=" " ind2=" " tag="752"><subfield code="a">United States</subfield><subfield code="b">California</subfield><subfield code="c">Los Angeles</subfield><subfield code="d">Downey.</subfield></datafield><datafield ind1="0" ind2="7" tag="780"><subfield code="t">Downey live wire</subfield><subfield code="w">(DLC)sn 98061267</subfield></datafield><datafield ind1="0" ind2="0" tag="785"><subfield code="t">Downey leader</subfield><subfield code="w">(DLC)sn 98061268</subfield></datafield></record>